<?xml version="1.0" encoding="UTF-8"?><collection xmlns="http://www.loc.gov/MARC21/slim"><record><leader>00643nam--2200193-i-4500</leader><controlfield tag="001">000007610</controlfield><controlfield tag="002">20161230</controlfield><controlfield tag="005">20161230201027</controlfield><controlfield tag="008">060222s1000------------r-----000-0-eng-d</controlfield><datafield ind1=" " ind2=" " tag="040"><subfield code="a">IFIN-HH</subfield></datafield><datafield ind1=" " ind2=" " tag="080"><subfield code="a">519.283:338:658.15</subfield></datafield><datafield ind1="1" ind2=" " tag="100"><subfield code="a">Theill, Henry</subfield></datafield><datafield ind1="1" ind2="0" tag="245"><subfield code="a">Operations research and quantitative economics an elementary introduction</subfield><subfield code="b">Translated from the dutch voorspellen en beslissen</subfield><subfield code="c">Henry theill, john c.g. boot, teun kloek</subfield></datafield><datafield ind1=" " ind2=" " tag="260"><subfield code="a">New York</subfield><subfield code="b">Mcgraw-hill Book Company</subfield><subfield code="c">1965</subfield></datafield><datafield ind1=" " ind2=" " tag="300"><subfield code="a">XIV+258P</subfield></datafield><datafield ind1=" " ind2=" " tag="490"><subfield code="a">Economics Handbook Series</subfield></datafield><datafield ind1="1" ind2=" " tag="700"><subfield code="a">Kloek, Teun</subfield></datafield><datafield ind1=" " ind2=" " tag="852"><subfield code="a">23804</subfield><subfield code="c">519.283</subfield></datafield><datafield ind1=" " ind2=" " tag="CAT"><subfield code="a">Sys</subfield><subfield code="c">20130807</subfield><subfield code="h">130701</subfield></datafield></record></collection>